@misc{pgpdesign,
  title = {Pretty Good Privacy Design},
  howpublished = {\url{https://en.wikipedia.org/wiki/Pretty_Good_Privacy#Design}},
  note = {Accessed: 2022-05-01}
}
@msic{tls_12_anti_replay,
	title = {TLS 1.2 - Protecting Application Data},
	howpublished = {\url{https://datatracker.ietf.org/doc/html/rfc5246#appendix-F.2}},
	note = {Accessed: 2022-05-01}
}
@msic{nist_gcm,
title = {Recommendation for Block Cipher Modes of Operation: Galois/Counter Mode (GCM) and GMAC},
howpublished = {\url{https://csrc.nist.gov/publications/detail/sp/800-38d/final}},
note = {Accessed: 2022-05-01}
}
@msic{pkcs1,
title = {PKCS \#1 v2.1: RSA Cryptography Standard},
howpublished = {\url{https://www.cryptrec.go.jp/cryptrec_03_spec_cypherlist_files/PDF/pkcs-1v2-12.pdf}},
note = {Accessed: 2022-05-01}
}
pkcs1